\usepackage{url}

@Book{Brans93,
  author = 	 {Bransford, John D. and Stein, Barry S.},
  title = 	 {The Ideal Problem Solver},
  publisher = 	 {},
  year = 	 {1993},
  address = 	 {},
}

@Article{Perales94,
  author = 	 {Perales Palacios, Francisco Javier},
  title = 	 {Enseñanza-aprendizaje de una heurística en la resolución de problemas de física},
  journal = 	 {Revista interuniversitaria de formación del profesorado, ISSN 0213-8646, ISSN-e 2530-3791, Nº 21, 1994 (Ejemplar dedicado a: Didáctica de las Matemáticas},
  year = 	 {1994},
  OPTkey = 	 {},
  volume = 	 {},
  number = 	 {},
  pages = 	 {201-209},
  month = 	 {},
}

@MISC {Jenkins,
    author   = "SunMicrosystems",
    year     = "2011",
    title   = "Jenkins",
    howpublished={\url{https://jenkins.io/}}
}

@MISC {Java,
    author   = "SunMicrosystems",
    title    = "Java",
    year     = "1995",
    howpublished={\url{https://www.java.com/es/download/faq/whatis_java.xml"}}
}

@Misc{Maven,
  title = {Maven},
  howpublished={\url{https://maven.apache.org/what-is-maven.html}},
  year =    {2002},
  author =    {ApacheSoftwareFundation},
}

@Misc{Git,
  title = {Git},
  howpublished={\url{https://www.atlassian.com/git/tutorials/what-is-git}},
  author = "Torvalds, Linus"
}

@MISC {GitLab,
    author   = "GitLabInc.",
    title    = "GitLab",
    howpublished={\url{https://about.gitlab.com/about/}}
}

@MANUAL {ISO_12207,
title = "ISO/IEC 12207:2008,  Systems and software engineering -- Software life cycle processes",
organization = "International Organization for Standardization \& International Electrotechnical Commission",
    year         = "2008"
}

@MISC {SCRUM,
    author   = "Ikujiro Nonaka",
    title    = "SCRUM",
    year     = "1986",
    howpublished={\url{http://www.scrumguides.org/}}
}

@MISC {LaTeX,
    author   = "Leslie Lamport",
    title    = "LaTeX",
    year     = "1989",
    howpublished={\url{http://www.latex-project.org/about/}}
}

@MISC {VirtualBox,
    author   = "innotek GmbH",
    title    = "VirtualBox",
    month    = "jan",
    year     = "2007",
    howpublished={\url{https://www.oracle.com/virtualization/virtualbox/index.html"}}
}

@MISC {OpenProject,
    author   = "OpenProjectFoundation",
    title    = "OpenProject",
    year     = "2010",
    howpublished={\url{https://www.openproject.org/}}
}

@MISC {InkScape,
    author   = "Ted Gould, Bryce Harrington, Nathan Hurst, MenTaLguY",
    title    = "InkScape",
    year     = "2003",
    howpublished={\url{https://inkscape.org/en/}}
}

@ARTICLE {XP,
    author  = "Kent Beck",
    title   = "eXtreme Programming eXplained: Embrace Change",
    journal = "Addison-Wesley Professional",
    year    = "2000"
}

@ARTICLE {IC,
    author  = "Martin Fowler",
    title   = "Continuous Integration",
    journal = "Thought Works",
    year    = "2000",
    month   = "sep"
}